
@article{Fournier1901,
author={Fournier, Paul},
title={Not a Real Paper},
journal={ApJ},
fjournal={Astrophysical Journal},
volume=1,
pages={101-111},
year=1901,
}

@article{vanDijk1902,
author={{\VAN{Dijk}{Van}{van}} Dijk, Thomas},
title={An important paper},
journal={QJRAS},
fjournal={Quarterly Journal of the Royal Astronomial Society},
volume=2,
pages={202-207},
year=1902,
}

@article{deLaguarde1903,
author={{\VAN{Laguarde}{De}{de}} Laguarde, Anne},
title={Another Unreal Paper},
journal={Nat},
fjournal={Nature},
volume=3,
pages={303-304},
year=1903,
}

@article{delaGuarde1904,
author={{\VAN{Guarde}{De la}{de la}} Guarde, Simon},
title={A Last Unreal Paper},
journal={MNRAS},
fjournal={Monthly Notices of the Royal Astronomial Society},
volume=4,
pages={404-481},
year=1904,
}

@article{10.1111/j.1365-2966.2011.19960.x,
    author = {Aigrain, S. and Pont, F. and Zucker, S.},
    title = "{A simple method to estimate radial velocity variations due to stellar activity using photometry*}",
    journal = {Monthly Notices of the Royal Astronomical Society},
    volume = {419},
    number = {4},
    pages = {3147-3158},
    year = {2012},
    month = {01},
    abstract = "{We present a new, simple method to predict activity-induced radial velocity (RV) variations using high-precision time series photometry. It is based on insights from a simple spot model, has only two free parameters (one of which can be estimated from the light curve) and does not require knowledge of the stellar rotation period. We test the method on simulated data and illustrate its performance by applying it to MOST/SOPHIE observations of the planet host star HD 189733, where it gives almost identical results to much more sophisticated but highly degenerate models, and synthetic data for the Sun, where we demonstrate that it can reproduce variations well below the m s−1 level. We also apply it to quarter 1 data for Kepler transit candidate host stars, where it can be used to estimate RV variations down to the 2–3 m s−1 level, and show that RV amplitudes above that level may be expected for approximately two-thirds of the candidates we examined.}",
    issn = {0035-8711},
    doi = {10.1111/j.1365-2966.2011.19960.x},
    url = {https://doi.org/10.1111/j.1365-2966.2011.19960.x},
    eprint = {https://academic.oup.com/mnras/article-pdf/419/4/3147/9506243/mnras0419-3147.pdf},
}
@article{espinoza2018efficient,
  title={Efficient Joint Sampling of Impact Parameters and Transit Depths in Transiting Exoplanet Light Curves},
  author={Espinoza, N{\'e}stor},
  journal={arXiv preprint arXiv:1811.04859},
  year={2018}
}
@misc{exoplanet:exoplanet,
  author = {Daniel Foreman-Mackey and Rodrigo Luger and Ian Czekala and
            Eric Agol and Adrian Price-Whelan and Tom Barclay},
   title = {exoplanet-dev/exoplanet v0.3.2},
   month = may,
    year = 2020,
     doi = {10.5281/zenodo.1998447},
     url = {https://doi.org/10.5281/zenodo.1998447}
}


@article{exoplanet:pymc3,
    title={Probabilistic programming in Python using PyMC3},
   author={Salvatier, John and Wiecki, Thomas V and Fonnesbeck, Christopher},
  journal={PeerJ Computer Science},
   volume={2},
    pages={e55},
     year={2016},
publisher={PeerJ Inc.}
}


@article{exoplanet:theano,
    title="{Theano: A {Python} framework for fast computation of mathematical
            expressions}",
   author={{Theano Development Team}},
  journal={arXiv e-prints},
   volume={abs/1605.02688},
     year=2016,
    month=may,
      url={http://arxiv.org/abs/1605.02688}
}


@article{exoplanet:foremanmackey17,
   author = {{Foreman-Mackey}, D. and {Agol}, E. and {Ambikasaran}, S. and
             {Angus}, R.},
    title = "{Fast and Scalable Gaussian Process Modeling with Applications to
              Astronomical Time Series}",
  journal = {\aj},
     year = 2017,
    month = dec,
   volume = 154,
    pages = {220},
      doi = {10.3847/1538-3881/aa9332},
   adsurl = {http://adsabs.harvard.edu/abs/2017AJ....154..220F},
  adsnote = {Provided by the SAO/NASA Astrophysics Data System}
}

@article{exoplanet:foremanmackey18,
   author = {{Foreman-Mackey}, D.},
    title = "{Scalable Backpropagation for Gaussian Processes using Celerite}",
  journal = {Research Notes of the American Astronomical Society},
     year = 2018,
    month = feb,
   volume = 2,
   number = 1,
    pages = {31},
      doi = {10.3847/2515-5172/aaaf6c},
   adsurl = {http://adsabs.harvard.edu/abs/2018RNAAS...2a..31F},
  adsnote = {Provided by the SAO/NASA Astrophysics Data System}
}


@article{exoplanet:astropy13,
   author = {{Astropy Collaboration} and {Robitaille}, T.~P. and {Tollerud},
             E.~J. and {Greenfield}, P. and {Droettboom}, M. and {Bray}, E. and
             {Aldcroft}, T. and {Davis}, M. and {Ginsburg}, A. and
             {Price-Whelan}, A.~M. and {Kerzendorf}, W.~E. and {Conley}, A. and
             {Crighton}, N. and {Barbary}, K. and {Muna}, D. and {Ferguson}, H.
             and {Grollier}, F. and {Parikh}, M.~M. and {Nair}, P.~H. and
             {Unther}, H.~M. and {Deil}, C. and {Woillez}, J. and {Conseil}, S.
             and {Kramer}, R. and {Turner}, J.~E.~H. and {Singer}, L. and
             {Fox}, R. and {Weaver}, B.~A. and {Zabalza}, V. and {Edwards},
             Z.~I. and {Azalee Bostroem}, K. and {Burke}, D.~J. and {Casey},
             A.~R. and {Crawford}, S.~M. and {Dencheva}, N. and {Ely}, J. and
             {Jenness}, T. and {Labrie}, K. and {Lim}, P.~L. and
             {Pierfederici}, F. and {Pontzen}, A. and {Ptak}, A. and {Refsdal},
             B. and {Servillat}, M. and {Streicher}, O.},
    title = "{Astropy: A community Python package for astronomy}",
  journal = {\aap},
     year = 2013,
    month = oct,
   volume = 558,
    pages = {A33},
      doi = {10.1051/0004-6361/201322068},
   adsurl = {http://adsabs.harvard.edu/abs/2013A%26A...558A..33A},
  adsnote = {Provided by the SAO/NASA Astrophysics Data System}
}

@article{exoplanet:astropy18,
   author = {{Astropy Collaboration} and {Price-Whelan}, A.~M. and
             {Sip{\H o}cz}, B.~M. and {G{\"u}nther}, H.~M. and {Lim}, P.~L. and
             {Crawford}, S.~M. and {Conseil}, S. and {Shupe}, D.~L. and
             {Craig}, M.~W. and {Dencheva}, N. and {Ginsburg}, A. and
             {VanderPlas}, J.~T. and {Bradley}, L.~D. and
             {P{\'e}rez-Su{\'a}rez}, D. and {de Val-Borro}, M.
             and {Aldcroft}, T.~L. and {Cruz}, K.~L. and {Robitaille}, T.~P.
             and {Tollerud}, E.~J. and {Ardelean}, C. and {Babej}, T. and
             {Bach}, Y.~P. and {Bachetti}, M. and {Bakanov}, A.~V. and
             {Bamford}, S.~P. and {Barentsen}, G. and {Barmby}, P. and
             {Baumbach}, A. and {Berry}, K.~L.  and {Biscani}, F. and
             {Boquien}, M. and {Bostroem}, K.~A. and {Bouma}, L.~G. and
             {Brammer}, G.~B. and {Bray}, E.~M. and {Breytenbach}, H. and
             {Buddelmeijer}, H. and {Burke}, D.~J. and {Calderone}, G. and
             {Cano Rodr{\'{\i}}guez}, J.~L. and {Cara}, M. and {Cardoso},
             J.~V.~M. and {Cheedella}, S. and {Copin}, Y. and {Corrales}, L.
             and {Crichton}, D. and {D'Avella}, D. and {Deil}, C. and
             {Depagne}, {\'E}. and {Dietrich}, J.~P. and {Donath}, A. and
             {Droettboom}, M. and {Earl}, N. and {Erben}, T. and {Fabbro}, S.
             and {Ferreira}, L.~A. and {Finethy}, T. and {Fox}, R.~T. and
             {Garrison}, L.~H. and {Gibbons}, S.~L.~J. and {Goldstein}, D.~A.
             and {Gommers}, R. and {Greco}, J.~P. and {Greenfield}, P. and
             {Groener}, A.~M. and {Grollier}, F. and {Hagen}, A. and {Hirst},
             P. and {Homeier}, D. and {Horton}, A.~J. and {Hosseinzadeh}, G.
             and {Hu}, L. and {Hunkeler}, J.~S. and {Ivezi{\'c}}, {\v Z}. and
             {Jain}, A. and {Jenness}, T. and {Kanarek}, G. and {Kendrew}, S.
             and {Kern}, N.~S. and {Kerzendorf}, W.~E. and {Khvalko}, A. and
             {King}, J. and {Kirkby}, D. and {Kulkarni}, A.~M. and {Kumar}, A.
             and {Lee}, A.  and {Lenz}, D.  and {Littlefair}, S.~P. and {Ma},
             Z. and {Macleod}, D.~M. and {Mastropietro}, M. and {McCully}, C.
             and {Montagnac}, S. and {Morris}, B.~M. and {Mueller}, M. and
             {Mumford}, S.~J. and {Muna}, D. and {Murphy}, N.~A. and {Nelson},
             S. and {Nguyen}, G.~H. and {Ninan}, J.~P. and {N{\"o}the}, M. and
             {Ogaz}, S. and {Oh}, S. and {Parejko}, J.~K.  and {Parley}, N. and
             {Pascual}, S. and {Patil}, R. and {Patil}, A.~A.  and {Plunkett},
             A.~L. and {Prochaska}, J.~X. and {Rastogi}, T. and {Reddy Janga},
             V. and {Sabater}, J.  and {Sakurikar}, P. and {Seifert}, M. and
             {Sherbert}, L.~E. and {Sherwood-Taylor}, H. and {Shih}, A.~Y. and
             {Sick}, J. and {Silbiger}, M.~T. and {Singanamalla}, S. and
             {Singer}, L.~P. and {Sladen}, P.~H. and {Sooley}, K.~A. and
             {Sornarajah}, S. and {Streicher}, O. and {Teuben}, P. and
             {Thomas}, S.~W. and {Tremblay}, G.~R. and {Turner}, J.~E.~H. and
             {Terr{\'o}n}, V.  and {van Kerkwijk}, M.~H. and {de la Vega}, A.
             and {Watkins}, L.~L. and {Weaver}, B.~A. and {Whitmore}, J.~B. and
             {Woillez}, J.  and {Zabalza}, V. and {Astropy Contributors}},
    title = "{The Astropy Project: Building an Open-science Project and Status
              of the v2.0 Core Package}",
  journal = {\aj},
     year = 2018,
    month = sep,
   volume = 156,
    pages = {123},
      doi = {10.3847/1538-3881/aabc4f},
   adsurl = {http://adsabs.harvard.edu/abs/2018AJ....156..123A},
  adsnote = {Provided by the SAO/NASA Astrophysics Data System}
}

@article{exoplanet:luger18,
   author = {{Luger}, R. and {Agol}, E. and {Foreman-Mackey}, D. and {Fleming},
             D.~P. and {Lustig-Yaeger}, J. and {Deitrick}, R.},
    title = "{starry: Analytic Occultation Light Curves}",
  journal = {\aj},
     year = 2019,
    month = feb,
   volume = 157,
    pages = {64},
      doi = {10.3847/1538-3881/aae8e5},
   adsurl = {http://adsabs.harvard.edu/abs/2019AJ....157...64L},
  adsnote = {Provided by the SAO/NASA Astrophysics Data System}
}

@article{exoplanet:agol19,
       author = {{Agol}, Eric and {Luger}, Rodrigo and {Foreman-Mackey}, Daniel},
        title = "{Analytic Planetary Transit Light Curves and Derivatives
                  for Stars with Polynomial Limb Darkening}",
      journal = {arXiv e-prints},
         year = 2019,
        month = aug,
       eprint = {1908.03222},
          url = {http://arxiv.org/abs/1908.03222}
}

@article{claret2017limb,
  title={Limb and gravity-darkening coefficients for the TESS satellite at several metallicities, surface gravities, and microturbulent velocities},
  author={Claret, Antonio},
  journal={Astronomy \& Astrophysics},
  volume={600},
  pages={A30},
  year={2017},
  publisher={EDP Sciences}
}
@article{kipping2013efficient,
  title={Efficient, uninformative sampling of limb darkening coefficients for two-parameter laws},
  author={Kipping, David M},
  journal={Monthly Notices of the Royal Astronomical Society},
  volume={435},
  number={3},
  pages={2152--2160},
  year={2013},
  publisher={Oxford University Press}
}
@article{kipping2013parametrizing,
  title={Parametrizing the exoplanet eccentricity distribution with the Beta distribution},
  author={Kipping, David M},
  journal={Monthly Notices of the Royal Astronomical Society: Letters},
  volume={434},
  number={1},
  pages={L51--L55},
  year={2013},
  publisher={Oxford University Press}
}
@article{benz2020cheops,
  title={The CHEOPS mission},
  author={Benz, Willy and Broeg, Christopher and Fortier, Andrea and Rando, Nicola and Beck, Thomas and Beck, Mathias and Queloz, Didier and Ehrenreich, David and Maxted, Pierre and Isaak, Kate and others},
  journal={arXiv preprint arXiv:2009.11633},
  year={2020}
}
@article{deck2015measurement,
  title={Measurement of Planet Masses with Transit Timing Variations Due to Synodic “Chopping” Effects},
  author={Deck, Katherine M and Agol, Eric},
  journal={The Astrophysical Journal},
  volume={802},
  number={2},
  pages={116},
  year={2015},
  publisher={IOP Publishing}
}
@article{vanderburg2016radial,
  title={Radial velocity planet detection biases at the stellar rotational period},
  author={Vanderburg, Andrew and Plavchan, Peter and Johnson, John Asher and Ciardi, David R and Swift, Jonathan and Kane, Stephen R},
  journal={Monthly Notices of the Royal Astronomical Society},
  volume={459},
  number={4},
  pages={3565--3573},
  year={2016},
  publisher={Oxford University Press}
}
@article{boisse2011disentangling,
  title={Disentangling between stellar activity and planetary signals},
  author={Boisse, Isabelle and Bouchy, Fran{\c{c}}ois and H{\'e}brard, Guillaume and Bonfils, Xavier and Santos, Nuno and Vauclair, Sylvie},
  journal={Astronomy \& Astrophysics},
  volume={528},
  pages={A4},
  year={2011},
  publisher={EDP Sciences}
}
@article{foreman2017fast,
  title={Fast and scalable Gaussian process modeling with applications to astronomical time series},
  author={Foreman-Mackey, Daniel and Agol, Eric and Ambikasaran, Sivaram and Angus, Ruth},
  journal={The Astronomical Journal},
  volume={154},
  number={6},
  pages={220},
  year={2017},
  publisher={IOP Publishing}
}

@INPROCEEDINGS{2015ASPC..495....7B,
       author = {{Buchschacher}, N. and {S{\'e}gransan}, D. and {Udry}, S. and
         {D{\'\i}az}, R.},
        title = "{Data and Analysis Center for Exoplanets}",
    booktitle = {Astronomical Data Analysis Software an Systems XXIV (ADASS XXIV)},
         year = 2015,
       editor = {{Taylor}, A.~R. and {Rosolowsky}, E.},
       series = {Astronomical Society of the Pacific Conference Series},
       volume = {495},
        month = sep,
        pages = {7},
       adsurl = {https://ui.adsabs.harvard.edu/abs/2015ASPC..495....7B},
      adsnote = {Provided by the SAO/NASA Astrophysics Data System}
}

@article{akeson2013nasa,
  title={The NASA exoplanet archive: data and tools for exoplanet research},
  author={Akeson, RL and Chen, X and Ciardi, D and Crane, M and Good, J and Harbut, M and Jackson, E and Kane, SR and Laity, AC and Leifer, S and others},
  journal={Publications of the Astronomical Society of the Pacific},
  volume={125},
  number={930},
  pages={989},
  year={2013},
  publisher={IOP Publishing}
}

@ARTICLE{Adibekyan-12,
   author = {{Adibekyan}, V.~Z. and {Sousa}, S.~G. and {Santos}, N.~C. and 
	{Delgado Mena}, E. and {Gonz{\'a}lez Hern{\'a}ndez}, J.~I. and 
	{Israelian}, G. and {Mayor}, M. and {Khachatryan}, G.},
    title = "{Chemical abundances of 1111 FGK stars from the HARPS GTO planet search program. Galactic stellar populations and planets}",
  journal = {\aap},
archivePrefix = "arXiv",
   eprint = {1207.2388},
 primaryClass = "astro-ph.EP",
 keywords = {stars: abundances, planetary systems, stars: fundamental parameters, Galaxy: disk, solar neighborhood, stars: kinematics and dynamics},
     year = 2012,
    month = sep,
   volume = 545,
      eid = {A32},
    pages = {A32},
      doi = {10.1051/0004-6361/201219401},
   adsurl = {http://adsabs.harvard.edu/abs/2012A%26A...545A..32A},
  adsnote = {Provided by the SAO/NASA Astrophysics Data System}
}


@ARTICLE{Bertrandelis-15,
   author = {{Bertran de Lis}, S. and {Delgado Mena}, E. and {Adibekyan}, V.~Z. and 
	{Santos}, N.~C. and {Sousa}, S.~G.},
    title = "{Oxygen abundances in G- and F-type stars from HARPS. Comparison of [OI] 6300 {\AA} and OI 6158 {\AA}}",
  journal = {\aap},
archivePrefix = "arXiv",
   eprint = {1501.05805},
 primaryClass = "astro-ph.SR",
 keywords = {stars: abundances, stars: atmospheres, stars: solar-type, Galaxy: abundances},
     year = 2015,
    month = apr,
   volume = 576,
      eid = {A89},
    pages = {A89},
      doi = {10.1051/0004-6361/201424633},
   adsurl = {http://adsabs.harvard.edu/abs/2015A%26A...576A..89B},
  adsnote = {Provided by the SAO/NASA Astrophysics Data System}
}

@ARTICLE{Costa_Silva2020,
       author = {{Costa Silva}, A.~R. and {Delgado Mena}, E. and {Tsantaki}, M.},
        title = "{Chemical abundances of 1111 FGK stars from the HARPS-GTO planet search sample. III. Sulfur}",
      journal = {\aap},
     keywords = {astrochemistry, stars: abundances, Galaxy: disk, solar neighborhood, Astrophysics - Solar and Stellar Astrophysics, Astrophysics - Earth and Planetary Astrophysics, Astrophysics - Astrophysics of Galaxies},
         year = 2020,
        month = feb,
       volume = {634},
          eid = {A136},
        pages = {A136},
          doi = {10.1051/0004-6361/201936523},
archivePrefix = {arXiv},
       eprint = {1912.08659},
 primaryClass = {astro-ph.SR},
       adsurl = {https://ui.adsabs.harvard.edu/abs/2020A&A...634A.136C},
      adsnote = {Provided by the SAO/NASA Astrophysics Data System}
}
@ARTICLE{Franchini2020,
       author = {{Franchini}, Mariagrazia and {Morossi}, Carlo and
         {Di Marcantonio}, Paolo and {Chavez}, Miguel and
         {Adibekyan}, Vardan Zh. and {Bayo}, Amelia and {Bensby}, Thomas and
         {Bragaglia}, Angela and {Calura}, Francesco and {Duffau}, Sonia and
         {Gonneau}, Anais and {Heiter}, Ulrike and {Kordopatis}, Georges and
         {Romano}, Donatella and {Sbordone}, Luca and {Smiljanic}, Rodolfo and
         {Tautvai{\v{s}}ien{\.{e}}}, Gra{\v{z}}ina and
         {Van der Swaelmen}, Mathieu and {Delgado Mena}, Elisa and
         {Gilmore}, Gerry and {Randich}, Sofia and {Carraro}, Giovanni and
         {Hourihane}, Anna and {Magrini}, Laura and {Morbidelli}, Lorenzo and
         {Sousa}, S{\'e}rgio and {Worley}, C. Clare},
        title = "{The Gaia-ESO Survey: Carbon Abundance in the Galactic Thin and Thick Disks}",
      journal = {\apj},
     keywords = {Late-type stars, Stellar abundances, Stellar ages, Galaxy stellar content, 909, 1577, 1581, 621, Astrophysics - Solar and Stellar Astrophysics, Astrophysics - Astrophysics of Galaxies},
         year = 2020,
        month = jan,
       volume = {888},
       number = {2},
          eid = {55},
        pages = {55},
          doi = {10.3847/1538-4357/ab5dc4},
archivePrefix = {arXiv},
       eprint = {1911.13132},
 primaryClass = {astro-ph.SR},
       adsurl = {https://ui.adsabs.harvard.edu/abs/2020ApJ...888...55F},
      adsnote = {Provided by the SAO/NASA Astrophysics Data System}
}





@BOOK{Kurucz-93,
   author = {{Kurucz}, R.~L.},
    title = "{SYNTHE spectrum synthesis programs and line data}",
booktitle = {Kurucz CD-ROM, Cambridge, MA: Smithsonian Astrophysical Observatory, |c1993, December 4, 1993},
     year = 1993,
   adsurl = {http://adsabs.harvard.edu/abs/1993sssp.book.....K},
  adsnote = {Provided by the SAO/NASA Astrophysics Data System}
}





@PHDTHESIS{Sneden-73,
   author = {{Sneden}, C.~A.},
    title = "{Carbon and Nitrogen Abundances in Metal-Poor Stars.}",
   school = {THE UNIVERSITY OF TEXAS AT AUSTIN.},
     year = 1973,
   adsurl = {http://adsabs.harvard.edu/abs/1973PhDT.......180S},
  adsnote = {Provided by the SAO/NASA Astrophysics Data System}
}


@ARTICLE{Sousa-14,
   author = {{Sousa}, S.~G.},
    title = "{ARES+MOOG - a practical overview of an EW method to derive stellar parameters}",
  journal = {[arXiv:1407.5817]},
archivePrefix = "arXiv",
   eprint = {1407.5817},
 primaryClass = "astro-ph.SR",
 keywords = {Astrophysics - Solar and Stellar Astrophysics},
     year = 2014,
    month = jul,
   adsurl = {http://adsabs.harvard.edu/abs/2014arXiv1407.5817S},
  adsnote = {Provided by the SAO/NASA Astrophysics Data System}
}



@ARTICLE{Sousa-15,
   author = {{Sousa}, S.~G. and {Santos}, N.~C. and {Adibekyan}, V. and {Delgado-Mena}, E. and 
	{Israelian}, G.},
    title = "{ARES v2: new features and improved performance}",
  journal = {\aap},
archivePrefix = "arXiv",
   eprint = {1504.02725},
 primaryClass = "astro-ph.IM",
 keywords = {techniques: spectroscopic, methods: data analysis, stars: solar-type, stars: abundances},
     year = 2015,
    month = may,
   volume = 577,
      eid = {A67},
    pages = {A67},
      doi = {10.1051/0004-6361/201425463},
   adsurl = {http://adsabs.harvard.edu/abs/2015A%26A...577A..67S},
  adsnote = {Provided by the SAO/NASA Astrophysics Data System}
}

@ARTICLE{Adibekyan-15,
   author = {{Adibekyan}, V. and {Figueira}, P. and {Santos}, N.~C. and {Sousa}, S.~G. and 
	{Faria}, J.~P. and {Delgado-Mena}, E. and {Oshagh}, M. and {Tsantaki}, M. and 
	{Hakobyan}, A.~A. and {Gonz{\'a}lez Hern{\'a}ndez}, J.~I. and 
	{Su{\'a}rez-Andr{\'e}s}, L. and {Israelian}, G.},
    title = "{Identifying the best iron-peak and {$\alpha$}-capture elements for chemical tagging: The impact of the number of lines on measured scatter}",
  journal = {\aap},
archivePrefix = "arXiv",
   eprint = {1509.02419},
 primaryClass = "astro-ph.SR",
 keywords = {stars: abundances, stars: general, stars: fundamental parameters},
     year = 2015,
    month = nov,
   volume = 583,
      eid = {A94},
    pages = {A94},
      doi = {10.1051/0004-6361/201527120},
   adsurl = {http://adsabs.harvard.edu/abs/2015A%26A...583A..94A},
  adsnote = {Provided by the SAO/NASA Astrophysics Data System}
}

@ARTICLE{Delgado-17,
   author = {{Delgado Mena}, E. and {Tsantaki}, M. and {Adibekyan}, V.~Z. and 
	{Sousa}, S.~G. and {Santos}, N.~C. and {Gonz{\'a}lez Hern{\'a}ndez}, J.~I. and 
	{Israelian}, G.},
    title = "{Chemical abundances of 1111 FGK stars from the HARPS GTO planet search program. II. Cu, Zn, Sr, Y, Zr, Ba, Ce, Nd, and Eu}",
  journal = {\aap},
archivePrefix = "arXiv",
   eprint = {1705.04349},
 primaryClass = "astro-ph.SR",
 keywords = {stars: abundances, stars: fundamental parameters, Galaxy: evolution, Galaxy: disk, solar neighborhood},
     year = 2017,
    month = oct,
   volume = 606,
      eid = {A94},
    pages = {A94},
      doi = {10.1051/0004-6361/201730535},
   adsurl = {http://adsabs.harvard.edu/abs/2017A%26A...606A..94D},
  adsnote = {Provided by the SAO/NASA Astrophysics Data System}
}

@ARTICLE{Delgado-10,
   author = {{Delgado Mena}, E. and {Israelian}, G. and {Gonz{\'a}lez Hern{\'a}ndez}, J.~I. and 
	{Bond}, J.~C. and {Santos}, N.~C. and {Udry}, S. and {Mayor}, M.
	},
    title = "{Chemical Clues on the Formation of Planetary Systems: C/O Versus Mg/Si for HARPS GTO Sample}",
  journal = {\apj},
archivePrefix = "arXiv",
   eprint = {1009.5224},
 primaryClass = "astro-ph.SR",
 keywords = {planetary systems, planets and satellites: formation, stars: abundances, stars: atmospheres, stars: fundamental parameters},
     year = 2010,
    month = dec,
   volume = 725,
    pages = {2349-2358},
      doi = {10.1088/0004-637X/725/2/2349},
   adsurl = {http://adsabs.harvard.edu/abs/2010ApJ...725.2349D},
  adsnote = {Provided by the SAO/NASA Astrophysics Data System}
}


@ARTICLE{Santos-13,
   author = {{Santos}, N.~C. and {Sousa}, S.~G. and {Mortier}, A. and {Neves}, V. and 
	{Adibekyan}, V. and {Tsantaki}, M. and {Delgado Mena}, E. and 
	{Bonfils}, X. and {Israelian}, G. and {Mayor}, M. and {Udry}, S.
	},
    title = "{SWEET-Cat: A catalogue of parameters for Stars With ExoplanETs. I. New atmospheric parameters and masses for 48 stars with planets}",
  journal = {\aap},
archivePrefix = "arXiv",
   eprint = {1307.0354},
 primaryClass = "astro-ph.SR",
 keywords = {planetary systems, stars: solar-type, stars: abundances, catalogs},
     year = 2013,
    month = aug,
   volume = 556,
      eid = {A150},
    pages = {A150},
      doi = {10.1051/0004-6361/201321286},
   adsurl = {http://adsabs.harvard.edu/abs/2013A%26A...556A.150S},
  adsnote = {Provided by the SAO/NASA Astrophysics Data System}
}



@ARTICLE{Delgado-14,
   author = {{Delgado Mena}, E. and {Israelian}, G. and {Gonz{\'a}lez Hern{\'a}ndez}, J.~I. and 
	{Sousa}, S.~G. and {Mortier}, A. and {Santos}, N.~C. and {Adibekyan}, V.~Z. and 
	{Fernandes}, J. and {Rebolo}, R. and {Udry}, S. and {Mayor}, M.
	},
    title = "{Li depletion in solar analogues with exoplanets. Extending the sample}",
  journal = {\aap},
archivePrefix = "arXiv",
   eprint = {1311.6414},
 primaryClass = "astro-ph.EP",
 keywords = {stars: abundances, stars: fundamental parameters, planetary systems, planets and satellites: formation, stars: evolution},
     year = 2014,
    month = feb,
   volume = 562,
      eid = {A92},
    pages = {A92},
      doi = {10.1051/0004-6361/201321493},
   adsurl = {http://adsabs.harvard.edu/abs/2014A%26A...562A..92D},
  adsnote = {Provided by the SAO/NASA Astrophysics Data System}
}

@ARTICLE{Delgado-19,
       author = {{Delgado Mena}, E. and {Moya}, A. and {Adibekyan}, V. and
         {Tsantaki}, M. and {Gonz{\'a}lez Hern{\'a}ndez}, J.~I. and
         {Israelian}, G. and {Davies}, G.~R. and {Chaplin}, W.~J. and
         {Sousa}, S.~G. and {Ferreira}, A.~C.~S. and {Santos}, N.~C.},
        title = "{Abundance to age ratios in the HARPS-GTO sample with Gaia DR2. Chemical clocks for a range of [Fe/H]}",
      journal = {\aap},
     keywords = {stars: abundances, stars: fundamental parameters, Galaxy: evolution, Galaxy: disk, solar neighborhood, Astrophysics - Solar and Stellar Astrophysics, Astrophysics - Astrophysics of Galaxies},
         year = 2019,
        month = apr,
       volume = {624},
          eid = {A78},
        pages = {A78},
          doi = {10.1051/0004-6361/201834783},
archivePrefix = {arXiv},
       eprint = {1902.02127},
 primaryClass = {astro-ph.SR},
       adsurl = {https://ui.adsabs.harvard.edu/abs/2019A&A...624A..78D},
      adsnote = {Provided by the SAO/NASA Astrophysics Data System}
}

@INPROCEEDINGS{apass,
       author = {{Henden}, Arne A. and {Levine}, Stephen and {Terrell}, Dirk and
         {Welch}, Douglas L.},
        title = "{APASS - The Latest Data Release}",
    booktitle = {American Astronomical Society Meeting Abstracts \#225},
         year = 2015,
       series = {American Astronomical Society Meeting Abstracts},
       volume = {225},
        month = jan,
          eid = {336.16},
        pages = {336.16},
       adsurl = {https://ui.adsabs.harvard.edu/abs/2015AAS...22533616H},
      adsnote = {Provided by the SAO/NASA Astrophysics Data System}
}

@article{skrutskie2006two,
  title={The two micron all sky survey (2MASS)},
  author={Skrutskie, MF and Cutri, RM and Stiening, R and Weinberg, MD and Schneider, S and Carpenter, JM and Beichman, Capps and Capps, R and Chester, T and Elias, J and others},
  journal={The Astronomical Journal},
  volume={131},
  number={2},
  pages={1163},
  year={2006},
  publisher={IOP Publishing}
}
@article{brown2018gaia,
  title={Gaia Data Release 2-Summary of the contents and survey properties},
  author={Brown, AGA and Vallenari, A and Prusti, T and De Bruijne, JHJ and Babusiaux, C and Bailer-Jones, CAL and Biermann, M and Evans, Dafydd Wyn and Eyer, L and Jansen, Femke and others},
  journal={Astronomy \& astrophysics},
  volume={616},
  pages={A1},
  year={2018},
  publisher={EDP Sciences}
}

@article{stassun2019revised,
  title={The revised TESS Input Catalog and candidate target list},
  author={Stassun, Keivan G and Oelkers, Ryan J and Paegert, Martin and Torres, Guillermo and Pepper, Joshua and De Lee, Nathan and Collins, Kevin and Latham, David W and Muirhead, Philip S and Chittidi, Jay and others},
  journal={The Astronomical Journal},
  volume={158},
  number={4},
  pages={138},
  year={2019},
  publisher={IOP Publishing}
}
@article{lissauer2011architecture,
  title={Architecture and dynamics of Kepler's candidate multiple transiting planet systems},
  author={Lissauer, Jack J and Ragozzine, Darin and Fabrycky, Daniel C and Steffen, Jason H and Ford, Eric B and Jenkins, Jon M and Shporer, Avi and Holman, Matthew J and Rowe, Jason F and Quintana, Elisa V and others},
  journal={The Astrophysical Journal Supplement Series},
  volume={197},
  number={1},
  pages={8},
  year={2011},
  publisher={IOP Publishing}
}